@article{gradient,
author       = {Markus Kögel, Rolf Findeisen},
title        = {A Fast Gradient method for embedded 
                linear predictive control},
journal      = {Proceedings of the 18th World Congress
                The International Federation of Automatic Control},
pages        = {1362-1367},
year         = {28.08 - 02.09.2011},
DOI          = {10.3182/20110828-6-IT-1002.03322}
}

@article{nuclear,
author       = {G. Wang et al},
title        = {State-Space Model Predictive Control Method for Core Power Control in 
                Pressurized Water Reactor Nuclear Power Stations},
journal      = {Nuclear Engineering and Technology},
pages        = {3-4},
year         = {2016},
howpublished = {\url{http://dx.doi.org/10.1016/j.net.2016.07.008}},
note         = {[data ostatniego dostępu: 20.01.2020]},
}

@book{cpp_bjarne,
author = {Bjarne Stroustrup},
title = {The C++ Programming Language},
year = {2013},
}

@book{mpc_book,
author = {James B. Rawlings, David Q. Mayne, Moritz M. Diehl},
title = {Model Predictive Control - Theory, Computation, and Design 2nd Edition},
year = {2019},
}

@misc{mpc_en,
title        = {Model predictive control},
publisher    = {Wikipedia},
howpublished = {\url{https://en.wikipedia.org/wiki/Model_predictive_control}},
note         = {[data ostatniego dostępu: 20.01.2020]},
}

@misc{mpc_pl,
title        = {Sterowanie predykcyjne},
publisher    = {Wikipedia},
howpublished = {\url{https://pl.wikipedia.org/wiki/Sterowanie_predykcyjne}},
note         = {[data ostatniego dostępu: 20.01.2020]},
}

@misc{power,
title        = {Power method},
publisher    = {\url{http://ergodic.ugr.es/}},
howpublished = {\url{http://ergodic.ugr.es/cphys/LECCIONES/FORTRAN/power_method.pdf}},
note         = {[data ostatniego dostępu: 20.01.2020]},
}

@misc{stm_ds,
title        = {STM32F401xD STM32F401xE datasheet},
year         = {2015},
publisher    = {STMicroelectronics},
howpublished = {\url{https://www.espruino.com/datasheets/STM32F401xD.pdf}},
note         = {[data ostatniego dostępu: 20.01.2020]},
}

@misc{stm_um,
title        = {STM32 Nucleo-64 boards (MB1136) User manual},
year         = {04.2019},
publisher    = {STMicroelectronics},
howpublished = {\url{https://www.st.com/content/ccc/resource/technical/document/user_manual/98/2e/fa/4b/e0/82/43/b7/DM00105823.pdf/files/DM00105823.pdf/jcr:content/translations/en.DM00105823.pdf}},
note         = {[data ostatniego dostępu: 20.01.2020]},
}

@misc{matlab_mpc,
title        = {Understanding Model Predictive Control},
publisher    = {MathWorks},
howpublished = {\url{https://www.mathworks.com/videos/series/understanding-model-predictive-control.html}},
note         = {[data ostatniego dostępu: 20.01.2020]},
}

@misc{arm_en,
title        = {ARM architecture},
publisher    = {Wikipedia},
howpublished = {\url{https://en.wikipedia.org/wiki/ARM_architecture}},
note         = {[data ostatniego dostępu: 20.01.2020]},
}

@misc{arm_pl,
title        = {Architektura ARM},
publisher    = {Wikipedia},
howpublished = {\url{https://pl.wikipedia.org/wiki/Architektura_ARM}},
note         = {[data ostatniego dostępu: 20.01.2020]},
}

@misc{arm_ofc,
title        = {An Introduction to ARM Architecture with Each Module’s Working Principle},
publisher    = {WatElectronics.com},
howpublished = {\url{https://www.watelectronics.com/arm-processor-architecture-working/}},
note         = {[data ostatniego dostępu: 20.01.2020]},
}

@misc{stm_botland,
title        = {STM32 NUCLEO-F401RE - STM32F401RE ARM Cortex M4},
publisher    = {botland.com},
howpublished = {\url{https://botland.com.pl/pl/stm32-nucleo/2217-stm32-nucleo-f401re-stm32f401re-arm-cortex-m4.html}},
note         = {[data ostatniego dostępu: 20.01.2020]},
}

@misc{stm_main,
title        = {STMicroelectronics},
publisher    = {STMicroelectronics},
howpublished = {\url{https://www.st.com/content/st_com/en.html}},
note         = {[data ostatniego dostępu: 20.01.2020]},
}

@misc{python,
title        = {Python},
howpublished = {\url{https://www.python.org/}},
note         = {[data ostatniego dostępu: 20.01.2020]},
}

@misc{matlab,
title        = {Matlab},
howpublished = {\url{https://www.mathworks.com/}},
note         = {[data ostatniego dostępu: 20.01.2020]},
}

@misc{toolchain,
title        = {GNU Arm Embedded Toolchain},
howpublished = {\url{https://developer.arm.com/tools-and-software/open-source-software/developer-tools/gnu-toolchain/gnu-rm}},
note         = {[data ostatniego dostępu: 20.01.2020]},
}

@misc{cmake,
title        = {CMake},
howpublished = {\url{https://cmake.org/}},
note         = {[data ostatniego dostępu: 20.01.2020]},
}

@misc{regex_pl,
title        = {Wyrażenie regularne},
howpublished = {\url{https://pl.wikipedia.org/wiki/Wyra%C5%BCenie_regularne}},
note         = {[data ostatniego dostępu: 20.01.2020]},
}

@misc{regex_eng,
title        = {Regular expression},
howpublished = {\url{https://en.wikipedia.org/wiki/Regular_expression}},
note         = {[data ostatniego dostępu: 20.01.2020]},
}

@misc{hil,
title        = {Hardware-in-the-loop simulation},
howpublished = {\url{https://en.wikipedia.org/wiki/Hardware-in-the-loop_simulation}},
note         = {[data ostatniego dostępu: 20.01.2020]},
}

@misc{forbot,
title        = {Kurs STM32 F4 – Komunikacja przez UART},
howpublished = {\url{https://forbot.pl/blog/kurs-stm32-f4-7-komunikacja-przez-uart-id13472}},
note         = {[data ostatniego dostępu: 20.01.2020]},
}